@book{couch2012sistemas,
	title        = {Sistemas de comunicación digitales y analógicos},
	author       = {Couch, Leon W.},
	edition      = {7},
	year         = {2012},
	publisher    = {Pearson Educación},
	address      = {México},
	isbn         = {978-607-32-1000-4},
}
